<?xml version="1.0" encoding="UTF-8" ?>
<collection xmlns="http://www.loc.gov/MARC21/slim">
  <record>
    <leader>01062nam  22003133a 4500</leader>
    <controlfield tag="001">UF00081647_00001</controlfield>
    <controlfield tag="005">20101006131146.0</controlfield>
    <controlfield tag="006">m                 </controlfield>
    <controlfield tag="007">cr       ma mp</controlfield>
    <controlfield tag="008">080401n        xx a   js     000 0 eng d</controlfield>
    <datafield tag="035" ind1="9" ind2=" ">
      <subfield code="a">001852691</subfield>
      <subfield code="b">UF</subfield>
    </datafield>
    <datafield tag="035" ind1="9" ind2=" ">
      <subfield code="a">AJS7047</subfield>
      <subfield code="b">UF</subfield>
    </datafield>
    <datafield tag="040" ind1=" " ind2=" ">
      <subfield code="a">FUG</subfield>
      <subfield code="c">FUG</subfield>
    </datafield>
    <datafield tag="240" ind1=" " ind2="0">
      <subfield code="a">Three little kittens.</subfield>
    </datafield>
    <datafield tag="245" ind1="0" ind2="0">
      <subfield code="a">The story of the three little kittens</subfield>
      <subfield code="h">[electronic resource].</subfield>
    </datafield>
    <datafield tag="260" ind1=" " ind2=" ">
      <subfield code="a">New York :</subfield>
      <subfield code="b">McLoughlin Bros.,</subfield>
      <subfield code="c">c1892.</subfield>
    </datafield>
    <datafield tag="300" ind1=" " ind2=" ">
      <subfield code="a">[16] p. :</subfield>
      <subfield code="b">col. ill. ;</subfield>
      <subfield code="c">27 cm.</subfield>
    </datafield>
    <datafield tag="490" ind1=" " ind2=" ">
      <subfield code="a">Little kitten series.</subfield>
    </datafield>
    <datafield tag="500" ind1=" " ind2=" ">
      <subfield code="a">Cover title.</subfield>
    </datafield>
    <datafield tag="533" ind1=" " ind2=" ">
      <subfield code="a">Electronic reproduction.</subfield>
      <subfield code="b">Gainesville, Fla. :</subfield>
      <subfield code="c">University of Florida, George A. Smathers Libraries,</subfield>
      <subfield code="d">2008.</subfield>
      <subfield code="f">(University of Florida Digital Collections)</subfield>
      <subfield code="f">(Children's Literature)</subfield>
      <subfield code="n">Mode of access: World Wide Web.</subfield>
      <subfield code="n">System requirements: Internet connectivity; Web browser software.</subfield>
    </datafield>
    <datafield tag="650" ind1=" " ind2="0">
      <subfield code="a">Cats</subfield>
      <subfield code="v">Juvenile poetry.</subfield>
    </datafield>
    <datafield tag="650" ind1=" " ind2="9">
      <subfield code="a">Baldwin</subfield>
      <subfield code="y">1892.</subfield>
    </datafield>
    <datafield tag="720" ind1=" " ind2=" ">
      <subfield code="a">McLoughlin Bros., inc.</subfield>
      <subfield code="4">pbl</subfield>
    </datafield>
    <datafield tag="776" ind1="1" ind2=" ">
      <subfield code="c">Original</subfield>
      <subfield code="w">(OCoLC)08262733</subfield>
    </datafield>
    <datafield tag="830" ind1=" " ind2="0">
      <subfield code="a">University of Florida Digital Collections.</subfield>
    </datafield>
    <datafield tag="830" ind1=" " ind2="0">
      <subfield code="a">Children's Literature.</subfield>
    </datafield>
    <datafield tag="852" ind1=" " ind2=" ">
      <subfield code="a">SUS01:;:;:</subfield>
      <subfield code="b">UFDC</subfield>
      <subfield code="c">JUV</subfield>
    </datafield>
    <datafield tag="856" ind1="4" ind2="0">
      <subfield code="u">http://ufdc.ufl.edu/UF00081647</subfield>
      <subfield code="y">Electronic Resource</subfield>
    </datafield>
    <datafield tag="997" ind1=" " ind2=" ">
      <subfield code="a">Children's Literature</subfield>
    </datafield>
  </record>
</collection>
